<?xml version="1.0" encoding="UTF-8"?><record xmlns="http://www.loc.gov/MARC21/slim" xmlns:cinclude="http://apache.org/cocoon/include/1.0" xmlns:zs="http://www.loc.gov/zing/srw/">
  <leader>00320cz  a2200121n  4500</leader>
  <controlfield tag="001">n  83205711 </controlfield>
  <controlfield tag="003">DLC</controlfield>
  <controlfield tag="005">19891027150201.5</controlfield>
  <controlfield tag="008">830728n| acannaab|          |n ana |||  </controlfield>
  <datafield tag="010" ind1=" " ind2=" ">
    <subfield code="a">n  83205711 </subfield>
  </datafield>
  <datafield tag="040" ind1=" " ind2=" ">
    <subfield code="a">DLC</subfield>
    <subfield code="c">DLC</subfield>
    <subfield code="d">DLC</subfield>
  </datafield>
  <datafield tag="110" ind1="2" ind2="0">
    <subfield code="a">Carabelle Books (Firm)</subfield>
  </datafield>
  <datafield tag="670" ind1=" " ind2=" ">
    <subfield code="a">Outer Banks, c1983:</subfield>
    <subfield code="b">t.p. (Carabelle Books, Reston, Va.)</subfield>
  </datafield>
</record>